@misc{ameshousingdataset2023,
  author       = {De Cock, Dean},
  title        = {Ames Housing dataset},
  year         = {2023},
  howpublished = {\url{https://www.kaggle.com/c/house-prices-advanced-regression-techniques}},
  note         = {Accessed: 2025-06-06}
}
