@misc{ameshousingdataset2023,
  author = {Dean De Cock},
  title  = {Ames Housing Dataset},
  year   = {2023},
  note   = {Kaggle dataset},
  url    = {https://www.kaggle.com/competitions/house-prices-advanced-regression-techniques/data}
}
